@misc{zou2023universaltransferableadversarialattacks,
  title         = {Universal and Transferable Adversarial Attacks on Aligned Language Models},
  author        = {Andy Zou and Zifan Wang and Nicholas Carlini and Milad Nasr and J. Zico Kolter and Matt Fredrikson},
  year          = {2023},
  eprint        = {2307.15043},
  archiveprefix = {arXiv},
  primaryclass  = {cs.CL},
  url           = {https://arxiv.org/abs/2307.15043}
}

@misc{panaitesculiess2024watermarkinglargelanguagemodels,
  title         = {Can Watermarking Large Language Models Prevent Copyrighted Text Generation and Hide Training Data?},
  author        = {Michael-Andrei Panaitescu-Liess and Zora Che and Bang An and Yuancheng Xu and Pankayaraj Pathmanathan and Souradip Chakraborty and Sicheng Zhu and Tom Goldstein and Furong Huang},
  year          = {2024},
  eprint        = {2407.17417},
  archiveprefix = {arXiv},
  primaryclass  = {cs.LG},
  url           = {https://arxiv.org/abs/2407.17417}
}

@misc{kirchenbauer2024watermarklargelanguagemodels,
  title         = {A Watermark for Large Language Models},
  author        = {John Kirchenbauer and Jonas Geiping and Yuxin Wen and Jonathan Katz and Ian Miers and Tom Goldstein},
  year          = {2024},
  eprint        = {2301.10226},
  archiveprefix = {arXiv},
  primaryclass  = {cs.LG},
  url           = {https://arxiv.org/abs/2301.10226}
}