@article{kaplan2020,
  author     = {Jared Kaplan and
                Sam McCandlish and
                Tom Henighan and
                Tom B. Brown and
                Benjamin Chess and
                Rewon Child and
                Scott Gray and
                Alec Radford and
                Jeffrey Wu and
                Dario Amodei},
  title      = {Scaling Laws for Neural Language Models},
  journal    = {CoRR},
  volume     = {abs/2001.08361},
  year       = {2020},
  url        = {https://arxiv.org/abs/2001.08361},
  eprinttype = {arXiv},
  eprint     = {2001.08361},
  timestamp  = {Wed, 03 Jun 2020 10:55:13 +0200},
  biburl     = {https://dblp.org/rec/journals/corr/abs-2001-08361.bib},
  bibsource  = {dblp computer science bibliography, https://dblp.org}
}