@book{jm3,
    author = {Daniel Jurafsky and James H. Martin},
    title = {{Speech and Language Processing: An Introduction to Natural Language Processing, Computational Linguistics, and Speech Recognition with Language Models}},
    year = {2024},
    howpublished = {\url{https://web.stanford.edu/~jurafsky/slp3/}},
    note = {Online manuscript released August 20, 2024; \url{https://web.stanford.edu/~jurafsky/slp3/}},
    edition = {3rd},
}

@misc{huggingfacephi1,
  author = {Hugging Face},
  title = {Microsoft Phi-1 Model Card},
  howpublished = {\url{https://huggingface.co/microsoft/phi-1}},
  note = {Accessed: 2024-11-06}
}

@misc{openai-gpt2-modelcard,
  author = {OpenAI},
  title = {GPT-2 Model Card},
  howpublished = {\url{https://github.com/openai/gpt-2/blob/master/model_card.md}},
  note = {Accessed: 2024-11-06}
}
