@misc{zou2023universaltransferableadversarialattacks,
  title         = {Universal and Transferable Adversarial Attacks on Aligned Language Models},
  author        = {Andy Zou and Zifan Wang and Nicholas Carlini and Milad Nasr and J. Zico Kolter and Matt Fredrikson},
  year          = {2023},
  eprint        = {2307.15043},
  archiveprefix = {arXiv},
  primaryclass  = {cs.CL},
  url           = {https://arxiv.org/abs/2307.15043}
}