@article{kaplan2020,
  author     = {Jared Kaplan and
                Sam McCandlish and
                Tom Henighan and
                Tom B. Brown and
                Benjamin Chess and
                Rewon Child and
                Scott Gray and
                Alec Radford and
                Jeffrey Wu and
                Dario Amodei},
  title      = {Scaling Laws for Neural Language Models},
  journal    = {CoRR},
  volume     = {abs/2001.08361},
  year       = {2020},
  url        = {https://arxiv.org/abs/2001.08361},
  eprinttype = {arXiv},
  eprint     = {2001.08361},
  timestamp  = {Wed, 03 Jun 2020 10:55:13 +0200},
  biburl     = {https://dblp.org/rec/journals/corr/abs-2001-08361.bib},
  bibsource  = {dblp computer science bibliography, https://dblp.org}
}

@misc{hoffmann2022trainingcomputeoptimallargelanguage,
  title         = {Training Compute-Optimal Large Language Models},
  author        = {Jordan Hoffmann and Sebastian Borgeaud and Arthur Mensch and Elena Buchatskaya and Trevor Cai and Eliza Rutherford and Diego de Las Casas and Lisa Anne Hendricks and Johannes Welbl and Aidan Clark and Tom Hennigan and Eric Noland and Katie Millican and George van den Driessche and Bogdan Damoc and Aurelia Guy and Simon Osindero and Karen Simonyan and Erich Elsen and Jack W. Rae and Oriol Vinyals and Laurent Sifre},
  year          = {2022},
  eprint        = {2203.15556},
  archiveprefix = {arXiv},
  primaryclass  = {cs.CL},
  url           = {https://arxiv.org/abs/2203.15556}
}

@misc{huggingfacephi1,
  author       = {Hugging Face},
  title        = {Microsoft Phi-1 Model Card},
  howpublished = {\url{https://huggingface.co/microsoft/phi-1}},
  note         = {Accessed: 2024-11-06}
}

@misc{huggingfacephi15,
  author       = {Hugging Face},
  title        = {Microsoft Phi-5 Model Card},
  howpublished = {\url{https://huggingface.co/microsoft/phi-1_5}},
  note         = {Accessed: 2024-11-06}
}

@misc{dpopaper,
  title         = {Direct Preference Optimization: Your Language Model is Secretly a Reward Model},
  author        = {Rafael Rafailov and Archit Sharma and Eric Mitchell and Stefano Ermon and Christopher D. Manning and Chelsea Finn},
  year          = {2024},
  eprint        = {2305.18290},
  archiveprefix = {arXiv},
  primaryclass  = {cs.LG},
  url           = {https://arxiv.org/abs/2305.18290}
}