@misc{parmar2018imagetransformer,
      title={Image Transformer}, 
      author={Niki Parmar and Ashish Vaswani and Jakob Uszkoreit and ≈Åukasz Kaiser and Noam Shazeer and Alexander Ku and Dustin Tran},
      year={2018},
      eprint={1802.05751},
      archivePrefix={arXiv},
      primaryClass={cs.CV},
      url={https://arxiv.org/abs/1802.05751}, 
}

@misc{diffusion-models2020,
      title={Denoising Diffusion Probabilistic Models}, 
      author={Jonathan Ho and Ajay Jain and Pieter Abbeel},
      year={2020},
      eprint={2006.11239},
      archivePrefix={arXiv},
      primaryClass={cs.LG},
      url={https://arxiv.org/abs/2006.11239}, 
}

@misc{llava2023,
      title={Visual Instruction Tuning}, 
      author={Haotian Liu and Chunyuan Li and Qingyang Wu and Yong Jae Lee},
      year={2023},
      eprint={2304.08485},
      archivePrefix={arXiv},
      primaryClass={cs.CV},
      url={https://arxiv.org/abs/2304.08485}, 
}

@misc{CLIP2021,
      title={Learning Transferable Visual Models From Natural Language Supervision}, 
      author={Alec Radford and Jong Wook Kim and Chris Hallacy and Aditya Ramesh and Gabriel Goh and Sandhini Agarwal and Girish Sastry and Amanda Askell and Pamela Mishkin and Jack Clark and Gretchen Krueger and Ilya Sutskever},
      year={2021},
      eprint={2103.00020},
      archivePrefix={arXiv},
      primaryClass={cs.CV},
      url={https://arxiv.org/abs/2103.00020}, 
}

@misc{dalle-1-2021,
      title={Zero-Shot Text-to-Image Generation}, 
      author={Aditya Ramesh and Mikhail Pavlov and Gabriel Goh and Scott Gray and Chelsea Voss and Alec Radford and Mark Chen and Ilya Sutskever},
      year={2021},
      eprint={2102.12092},
      archivePrefix={arXiv},
      primaryClass={cs.CV},
      url={https://arxiv.org/abs/2102.12092}, 
}

@misc{dalle-2-2022,
      title={Hierarchical Text-Conditional Image Generation with CLIP Latents}, 
      author={Aditya Ramesh and Prafulla Dhariwal and Alex Nichol and Casey Chu and Mark Chen},
      year={2022},
      eprint={2204.06125},
      archivePrefix={arXiv},
      primaryClass={cs.CV},
      url={https://arxiv.org/abs/2204.06125}, 
}

@misc{huggingfacephi1,
  author       = {Hugging Face},
  title        = {Microsoft Phi-1 Model Card},
  howpublished = {\url{https://huggingface.co/microsoft/phi-1}},
  note         = {Accessed: 2024-11-06}
}

@misc{huggingfacephi15,
  author       = {Hugging Face},
  title        = {Microsoft Phi-5 Model Card},
  howpublished = {\url{https://huggingface.co/microsoft/phi-1_5}},
  note         = {Accessed: 2024-11-06}
}

@misc{dpopaper,
  title         = {Direct Preference Optimization: Your Language Model is Secretly a Reward Model},
  author        = {Rafael Rafailov and Archit Sharma and Eric Mitchell and Stefano Ermon and Christopher D. Manning and Chelsea Finn},
  year          = {2024},
  eprint        = {2305.18290},
  archiveprefix = {arXiv},
  primaryclass  = {cs.LG},
  url           = {https://arxiv.org/abs/2305.18290}
}