@misc{HintsInBrowser2024,
  title         = {Hints-In-Browser: Benchmarking Language Models for Programming Feedback Generation},
  author        = {Nachiket Kotalwar and Alkis Gotovos and Adish Singla},
  year          = {2024},
  eprint        = {2406.05053},
  archiveprefix = {arXiv},
  primaryclass  = {cs.LG},
  url           = {https://arxiv.org/abs/2406.05053}
}

@article{scalinglaws2020,
  author     = {Jared Kaplan and
                Sam McCandlish and
                Tom Henighan and
                Tom B. Brown and
                Benjamin Chess and
                Rewon Child and
                Scott Gray and
                Alec Radford and
                Jeffrey Wu and
                Dario Amodei},
  title      = {Scaling Laws for Neural Language Models},
  journal    = {CoRR},
  volume     = {abs/2001.08361},
  year       = {2020},
  url        = {https://arxiv.org/abs/2001.08361},
  eprinttype = {arXiv},
  eprint     = {2001.08361},
  timestamp  = {Wed, 03 Jun 2020 10:55:13 +0200},
  biburl     = {https://dblp.org/rec/journals/corr/abs-2001-08361.bib},
  bibsource  = {dblp computer science bibliography, https://dblp.org}
}

@misc{LoRA2021,
  title         = {LoRA: Low-Rank Adaptation of Large Language Models},
  author        = {Edward J. Hu and Yelong Shen and Phillip Wallis and Zeyuan Allen-Zhu and Yuanzhi Li and Shean Wang and Lu Wang and Weizhu Chen},
  year          = {2021},
  eprint        = {2106.09685},
  archiveprefix = {arXiv},
  primaryclass  = {cs.CL},
  url           = {https://arxiv.org/abs/2106.09685}
}