@misc{HintsInBrowser2024,
  title         = {Hints-In-Browser: Benchmarking Language Models for Programming Feedback Generation},
  author        = {Nachiket Kotalwar and Alkis Gotovos and Adish Singla},
  year          = {2024},
  eprint        = {2406.05053},
  archiveprefix = {arXiv},
  primaryclass  = {cs.LG},
  url           = {https://arxiv.org/abs/2406.05053}
}